@article{texbook,
	author    = {Donald E. Knuth},
	title     = {The TeXbook},
	year      = {1984},
	journal = "TUGBoat",
	volume  = "14",
	number  = "3",
	pages   = "342--351"
	publisher = {Addison-Wesley},
	
}

@book{lamport1994latex,
	author    = {Leslie Lamport},
	title     = {\LaTeX: A Document Preparation System},
	year      = {1994},
	publisher = {Addison-Wesley},
}

@article{Doe2018,
	author = {Doe, John},
	title = {A fantastic paper},
	journal = {Journal of Amazing Discoveries},
	year = {2018},
	volume = {42},
	number = {3},
	pages = {123-456},
	url = {https://www.example.com/paper},
}

